@article{lecun_bottou_bengio_haffner_1998, title={Gradient-based learning applied to document recognition}, volume={86}, DOI={10.1109/5.726791}, number={11}, journal={Proceedings of the IEEE}, author={Lecun, Y. and Bottou, L. and Bengio, Y. and Haffner, P.}, year={1998}, pages={2278â€“2324}
